<record><leader>00000cas a22000007a 4500</leader><controlfield tag="001">15153920</controlfield><controlfield tag="008">870205d19281940iauwr ne      0    0eng d</controlfield><datafield ind1=" " ind2=" " tag="010"><subfield code="a">sn 87058007 </subfield></datafield><datafield ind1=" " ind2=" " tag="040"><subfield code="a">INP</subfield><subfield code="b">eng</subfield><subfield code="c">INP</subfield><subfield code="d">OCLCQ</subfield></datafield><datafield ind1=" " ind2=" " tag="042"><subfield code="a">msc</subfield></datafield><datafield ind1="0" ind2="0" tag="245"><subfield code="a">Van Buren record.</subfield></datafield><datafield ind1=" " ind2=" " tag="260"><subfield code="a">Bonaparte, Iowa :</subfield><subfield code="b">[s.n.],</subfield><subfield code="c">1928-1940.</subfield></datafield><datafield ind1=" " ind2=" " tag="300"><subfield code="a">16 v. :</subfield><subfield code="b">ill.</subfield></datafield><datafield ind1=" " ind2=" " tag="310"><subfield code="a">Weekly</subfield></datafield><datafield ind1="0" ind2=" " tag="362"><subfield code="a">58th year, no. 1 (Jan. 5, 1928)-73rd year, no. 30 (July 25, 1940).</subfield></datafield><datafield ind1=" " ind2=" " tag="500"><subfield code="a">Publisher varies.</subfield></datafield><datafield ind1=" " ind2=" " tag="752"><subfield code="a">United States</subfield><subfield code="b">Iowa</subfield><subfield code="c">Van Buren</subfield><subfield code="d">Bonaparte.</subfield></datafield><datafield ind1="0" ind2="4" tag="780"><subfield code="t">Van Buren barometer</subfield><subfield code="w">(DLC)sn 87058006</subfield></datafield><datafield ind1="0" ind2="4" tag="780"><subfield code="t">Bonaparte record</subfield><subfield code="w">(DLC)sn 87058003</subfield></datafield><datafield ind1="0" ind2="5" tag="780"><subfield code="t">Birmingham enterprise</subfield><subfield code="w">(DLC)sn 84027053</subfield><subfield code="g">Oct. 1936</subfield></datafield><datafield ind1="0" ind2="7" tag="785"><subfield code="t">Keosauqua Republican (Keosauqua, Iowa : 1859)</subfield><subfield code="w">(DLC)sn 82015852</subfield></datafield><datafield ind1="0" ind2="7" tag="785"><subfield code="t">Van Buren record and Keosauqua Republican</subfield><subfield code="w">(DLC)sn 87058008</subfield></datafield></record>